<record><leader>00000cas a22000007a 4500</leader><controlfield tag="001">13416147</controlfield><controlfield tag="008">860410d19051915wvuwr ne      0    0eng d</controlfield><datafield ind1=" " ind2=" " tag="010"><subfield code="a">sn 86092487 </subfield></datafield><datafield ind1=" " ind2=" " tag="040"><subfield code="a">WVC</subfield><subfield code="b">eng</subfield><subfield code="c">WVC</subfield><subfield code="d">OCL</subfield><subfield code="d">OCLCQ</subfield></datafield><datafield ind1=" " ind2=" " tag="042"><subfield code="a">msc</subfield></datafield><datafield ind1="0" ind2="0" tag="245"><subfield code="a">Wyoming mountaineer.</subfield></datafield><datafield ind1=" " ind2=" " tag="260"><subfield code="a">Pineville, W. Va. :</subfield><subfield code="b">J.J. Swope &amp; J. Buell Swope</subfield></datafield><datafield ind1=" " ind2=" " tag="300"><subfield code="a">v.</subfield></datafield><datafield ind1=" " ind2=" " tag="310"><subfield code="a">Weekly</subfield></datafield><datafield ind1="1" ind2=" " tag="362"><subfield code="a">Began in 1905; ceased in 1915?</subfield><subfield code="z">Cf. Bowman, Mary. Reference bk. of Wyoming Co. Hist.</subfield></datafield><datafield ind1=" " ind2=" " tag="500"><subfield code="a">Publishers: J.J. &amp; J.B. Swope, 1905-1911; Harry E. Stewart, 1911; J.J. Swope, 1911-1912; John W. Cook, 1912-1915; Barty Wyatt, 1915?</subfield></datafield><datafield ind1=" " ind2=" " tag="588"><subfield code="a">Description based on: Vol. 2, no. 7 (Mar. 16, 1906).</subfield></datafield><datafield ind1=" " ind2=" " tag="752"><subfield code="a">United States</subfield><subfield code="b">West Virginia</subfield><subfield code="c">Wyoming</subfield><subfield code="d">Pineville.</subfield></datafield></record>